<record><leader>00000cas a2200000 a 4500</leader><controlfield tag="001">40533657</controlfield><controlfield tag="008">981222d19uu1953iluwr ne      0   a0eng c</controlfield><datafield ind1=" " ind2=" " tag="010"><subfield code="a">sn 98063302 </subfield></datafield><datafield ind1=" " ind2=" " tag="040"><subfield code="a">NVF</subfield><subfield code="b">eng</subfield><subfield code="c">NVF</subfield><subfield code="d">OCLCQ</subfield><subfield code="d">NVF</subfield><subfield code="d">OCLCQ</subfield><subfield code="d">OCLCF</subfield><subfield code="d">OCLCO</subfield><subfield code="d">NVF</subfield></datafield><datafield ind1=" " ind2=" " tag="042"><subfield code="a">pcc</subfield></datafield><datafield ind1=" " ind2=" " tag="043"><subfield code="a">n-us-il</subfield></datafield><datafield ind1="0" ind2=" " tag="130"><subfield code="a">Henderson County news (Lomax, Ill.)</subfield></datafield><datafield ind1="1" ind2="0" tag="245"><subfield code="a">Henderson County news.</subfield></datafield><datafield ind1=" " ind2=" " tag="260"><subfield code="a">Lomax, Ill. :</subfield><subfield code="b">C.M. Bell &amp; Son</subfield></datafield><datafield ind1=" " ind2=" " tag="300"><subfield code="a">v.</subfield></datafield><datafield ind1=" " ind2=" " tag="310"><subfield code="a">Weekly</subfield></datafield><datafield ind1="1" ind2=" " tag="362"><subfield code="a">Ceased in 1953.</subfield></datafield><datafield ind1=" " ind2=" " tag="580"><subfield code="a">Other ed. available: Stronghurst graphic, &lt;1939-1946&gt;</subfield></datafield><datafield ind1=" " ind2=" " tag="580"><subfield code="a">Merged with: Stronghurst graphic, and: Raritan reporter, to form: Henderson County graphic-reporter.</subfield></datafield><datafield ind1=" " ind2=" " tag="588"><subfield code="a">Description based on: Vol. 10, no. 39 (Oct. 5, 1939).</subfield></datafield><datafield ind1=" " ind2=" " tag="588"><subfield code="a">Latest issue consulted: Mar. 7, 1946.</subfield></datafield><datafield ind1=" " ind2="0" tag="651"><subfield code="a">Henderson County (Ill.)</subfield><subfield code="v">Newspapers.</subfield></datafield><datafield ind1=" " ind2="7" tag="651"><subfield code="a">Illinois</subfield><subfield code="z">Henderson County.</subfield><subfield code="2">fast</subfield><subfield code="0">(OCoLC)fst01206950</subfield></datafield><datafield ind1=" " ind2="7" tag="655"><subfield code="a">Newspapers.</subfield><subfield code="2">fast</subfield><subfield code="0">(OCoLC)fst01423814</subfield></datafield><datafield ind1=" " ind2=" " tag="752"><subfield code="a">United States</subfield><subfield code="b">Illinois</subfield><subfield code="c">Henderson</subfield><subfield code="d">Lomax.</subfield></datafield><datafield ind1="1" ind2=" " tag="775"><subfield code="t">Stronghurst graphic</subfield><subfield code="w">(DLC)sn 93055508</subfield><subfield code="w">(OCoLC)27478738</subfield></datafield><datafield ind1="1" ind2="7" tag="785"><subfield code="t">Stronghurst graphic</subfield><subfield code="w">(DLC)sn 93055508</subfield><subfield code="w">(OCoLC)27478738</subfield></datafield><datafield ind1="1" ind2="7" tag="785"><subfield code="t">Raritan reporter</subfield><subfield code="w">(DLC)sn 93055507</subfield><subfield code="w">(OCoLC)27478621</subfield></datafield><datafield ind1="1" ind2="7" tag="785"><subfield code="t">Henderson County graphic-reporter</subfield><subfield code="w">(DLC)sn 93055509</subfield><subfield code="w">(OCoLC)27478810</subfield></datafield><datafield ind1="1" ind2=" " tag="029"><subfield code="a">AU@</subfield><subfield code="b">000014498277</subfield></datafield></record>